<collection xmlns="http://www.loc.gov/MARC21/slim"><record><leader>00797nam  2200265   450</leader><controlfield tag="001">639</controlfield><controlfield tag="003">http://montalegre.opacnet.com/OPAC/default.aspx?ContentAreaControl=ShowRegHoldings.ascx&amp;RegNo=16662</controlfield><datafield tag="021" ind1=" " ind2=" "><subfield code="a">PT</subfield><subfield code="b">24452/88</subfield></datafield><datafield tag="100" ind1=" " ind2=" "><subfield code="a">20061013d1988----am.y0pora010305  ba</subfield></datafield><datafield tag="101" ind1="0" ind2=" "><subfield code="a">por</subfield></datafield><datafield tag="102" ind1=" " ind2=" "><subfield code="a">PT</subfield></datafield><datafield tag="105" ind1=" " ind2=" "><subfield code="a">a   z   001zy</subfield></datafield><datafield tag="106" ind1=" " ind2=" "><subfield code="a">r</subfield></datafield><datafield tag="200" ind1="1" ind2=" "><subfield code="a">Eu sou o jornal</subfield><subfield code="f">José Jorge Letria, José Goulão</subfield><subfield code="g">il. Zenetto</subfield></datafield><datafield tag="210" ind1=" " ind2=" "><subfield code="a">Lisboa</subfield><subfield code="c">Vega</subfield><subfield code="d">D.L. 1988</subfield></datafield><datafield tag="215" ind1=" " ind2=" "><subfield code="a">60 p.</subfield><subfield code="c">il.</subfield><subfield code="d">24 cm</subfield></datafield><datafield tag="225" ind1="2" ind2=" "><subfield code="a">Outras obras</subfield></datafield><datafield tag="606" ind1=" " ind2=" "><subfield code="a">Jornalismo</subfield></datafield><datafield tag="675" ind1=" " ind2=" "><subfield code="a">070</subfield><subfield code="v">BN</subfield><subfield code="z">por</subfield></datafield><datafield tag="700" ind1=" " ind2="1"><subfield code="a">Letria</subfield><subfield code="b">José Jorge</subfield><subfield code="f">1951-</subfield></datafield><datafield tag="701" ind1=" " ind2="1"><subfield code="a">Goulão</subfield><subfield code="b">José</subfield><subfield code="4">070</subfield></datafield><datafield tag="702" ind1=" " ind2="1"><subfield code="a">Neto</subfield><subfield code="b">José</subfield><subfield code="4">440</subfield></datafield><datafield tag="801" ind1=" " ind2="0"><subfield code="a">PT</subfield><subfield code="b">Biblioteca Municipal de Montalegre</subfield><subfield code="g">RPC</subfield></datafield><datafield tag="856" ind1=" " ind2=" "><subfield code="u">locateMedia.asp?cod=20060523091856&amp;ext=jpg</subfield><subfield code="z">CAPA</subfield></datafield><datafield tag="909" ind1="&#9;" ind2=" "><subfield code="a">2</subfield></datafield><datafield tag="966" ind1=" " ind2=" "><subfield code="a">0002087</subfield><subfield code="l">BMM</subfield><subfield code="s">SJ 070 LET eu</subfield></datafield><datafield tag="966" ind1=" " ind2=" "><subfield code="a">0002086</subfield><subfield code="l">BMM</subfield><subfield code="s">SJ 070 LET eu</subfield></datafield></record></collection>